@misc{zhang2017understanding,
      title={Understanding deep learning requires rethinking generalization}, 
      author={Chiyuan Zhang and Samy Bengio and Moritz Hardt and Benjamin Recht and Oriol Vinyals},
      year={2017},
      eprint={1611.03530},
      archivePrefix={arXiv},
      primaryClass={cs.LG}
}

@inproceedings{chatterjee2018learning,
  title={Learning and memorization},
  author={Chatterjee, Satrajit},
  booktitle={International Conference on Machine Learning},
  pages={755--763},
  year={2018},
  organization={PMLR}
}

